<?xml version="1.0" encoding="UTF-8"?><record xmlns="http://www.loc.gov/MARC21/slim" xmlns:cinclude="http://apache.org/cocoon/include/1.0" xmlns:zs="http://www.loc.gov/zing/srw/">
  <leader>00509nz  a2200121n  4500</leader>
  <controlfield tag="001">n  89267106 </controlfield>
  <controlfield tag="003">DLC</controlfield>
  <controlfield tag="005">19960515055018.4</controlfield>
  <controlfield tag="008">960423n| acannaab|          |n aaa      </controlfield>
  <datafield tag="010" ind1=" " ind2=" ">
    <subfield code="a">n  89267106 </subfield>
  </datafield>
  <datafield tag="040" ind1=" " ind2=" ">
    <subfield code="a">DLC</subfield>
    <subfield code="c">DLC</subfield>
  </datafield>
  <datafield tag="100" ind1="1" ind2="0">
    <subfield code="a">Mathur, Krishan D.</subfield>
  </datafield>
  <datafield tag="670" ind1=" " ind2=" ">
    <subfield code="a">Conduct of India's foreign policy, c1996:</subfield>
    <subfield code="b">t.p. (Krishan D. Mathur; Univ. of Distt. of Columbia, Washington, DC) jkt. (obtained M.A. &amp; Ph. D. fr. USA; worked as an adviser to Nepal's delegation in the UN; Prof. of Pol. Sc. in Univ. of Distt. of Columbia)</subfield>
  </datafield>
</record>